<?xml version="1.0" encoding="UTF-8"?><collection xmlns="http://www.loc.gov/MARC21/slim"><record><leader>00481nam--2200169-i-4500</leader><controlfield tag="001">000014680</controlfield><controlfield tag="002">20161230</controlfield><controlfield tag="005">20161230201030</controlfield><controlfield tag="008">060222s1000------------r-----000-0-eng-d</controlfield><datafield ind1=" " ind2=" " tag="040"><subfield code="a">IFIN-HH</subfield></datafield><datafield ind1=" " ind2=" " tag="080"><subfield code="a">538.913(075.9)</subfield></datafield><datafield ind1="1" ind2=" " tag="100"><subfield code="a">Bak, Thor A</subfield></datafield><datafield ind1="1" ind2="0" tag="245"><subfield code="a">Phonons and phonon interactions</subfield><subfield code="b">Aarhus summer school lectures, 1963</subfield><subfield code="c">Thor a. bak (ed.)</subfield></datafield><datafield ind1=" " ind2=" " tag="260"><subfield code="a">New York</subfield><subfield code="b">W.A.Benjamin, Inc</subfield><subfield code="c">1964</subfield></datafield><datafield ind1=" " ind2=" " tag="300"><subfield code="a">XIV + 640 P</subfield></datafield><datafield ind1=" " ind2=" " tag="852"><subfield code="a">21835</subfield><subfield code="c">539.2</subfield></datafield><datafield ind1=" " ind2=" " tag="CAT"><subfield code="a">Sys</subfield><subfield code="c">20121011</subfield><subfield code="h">170841</subfield></datafield></record></collection>